#inbook{spurensuche, # needs chapter, which is unknown
@misc{spurensuche,
author = {Heuschkel, Marie and Becker, Sven and Jeraufke, Saskia and Lucas, Christina and Mohaupt, Marleen and Labudde, Dirk and Kirsten, Toralf and Großkopf, Birgit},
title = {Zur Spurensuche an menschlichen Skeletten},
language={german},
nochapter = {~},
pages = {127--136},
publisher = {Humboldt-Universität zu Berlin},
year = {2021},
doi = {http://dx.doi.org/10.18452/22415}
}

@misc{spurenlesen,
title={Spurenlesen: Methodische Ans{\"a}tze der Sammlungs-und Objektforschung},
author={Heuschkel, ML and Becker, S and Jeraufke, S and Lucas, C and Mohaupt, M and Labudde, D and Kirsten, T and Grosskopf, B},
booktitle={Junges Forum für Sammlungs-und Objektforschung 4},
language={german},
year={2020},
publisher={Gesellschaft für Universitätssammlungen e.V. Berlin}
}

@inproceedings{aw3d,
  title={AnthroWorks3D: Digitalisierung von Skelettfundst{\"u}cken und die virtuell osteologische Untersuchung},
  author={Fritzsch, Hanjo Tim and Schmiedel, Fabian and Heuschkel, Marie and Mohaupt, Marleen and Labudde, Dirk and Kirsten, Toralf and Grosskopf, Birgit and Flux, Anna Lena and Meier, Stefanie and van der Burgt, Patricia},
  booktitle={26. Interdisziplin{\"a}re Wissenschaftliche Konferenz Mittweida},
  language={german},
  number={002},
  pages={237--240},
  year={2021},
  organization={Hochschule Mittweida}
}

@article{ols,
  title={A new Ontology Lookup Service at {EMBL-EBI}},
  author={Jupp, Simon and Burdett, Tony and Leroy, Catherine and Parkinson, Helen E},
  journal={SWAT4LS},
  volume={2},
  pages={118--119},
  year={2015}
}

@misc{digitalisierung,
  title={Digitalisierung anthropologischer Skelettfundst{\"u}cke und deren Untersuchung: Methoden und Werkzeuge der Spieleentwicklung im Anwendungsfeld der forensischen und arch{\"a}ologischen Anthropologie},
  language={german},
  author={Fritzsch, Hanjo Tim and Schmiedel, Fabian},
  year={2020}
}

@book{forensicanthropology,
title={Forensic anthropology: current methods and practice},
author={Christensen, Angi M and Passalacqua, Nicholas V and Bartelink, Eric J},
year={2019},
publisher={Academic Press}
}

@book{prehistoricanthropology,
title={Pr{\"a}historische Anthropologie},
publisher={Springer Spektrum},
language={german},
author={Grupe, G and Harbeck, M and McGlynn, G},
year={2015},
pages={217-221}
}

@book{digitalphotogrammetry,
title={Digital photogrammetry},
author={Linder, Wilfried},
volume={1},
year={2009},
publisher={Springer}
}

@mastersthesis{lauraba,
  title={Manuelle und automatische {A}nnotation anatomischer und anthropologischer {L}eitstrukturen und {M}esspunkte am {B}eispiel von {M}andibulae m{\"a}nnlicher {S}oldaten der napoleonischen {A}rmee},
  language={german},
  author={Penne, Laura},
  type={Bachelor's Thesis},
  school={Hochschule Mittweida, University of Applied Sciences},
  year={2022}
}

@inbook{fma,
author="Rosse, Cornelius and Mejino, Jos{\'e} L. V.",
editor="Burger, Albert and Davidson, Duncan and Baldock, Richard",
title="The Foundational Model of Anatomy Ontology",
booktitle="Anatomy Ontologies for Bioinformatics: Principles and Practice",
year="2008",
publisher="Springer",
address="London",
pages="59--117",
isbn="978-1-84628-885-2",
doi="10.1007/978-1-84628-885-2\_4"
}

@article{fmaold,
  title={Pushing the envelope: challenges in a frame-based representation of human anatomy},
  author={Noy, Natalya F and Musen, Mark A and Mejino Jr, Jos{\'e} LV and Rosse, Cornelius},
  journal={Data \& Knowledge Engineering},
  volume={48},
  number={3},
  pages={335--359},
  year={2004},
  publisher={Elsevier}
}

@article{ta,
  title={{T}erminologia {A}natomica: {N}ew terminology for the new anatomist},
  author={Whitmore, Ian},
  journal={The Anatomical Record: An Official Publication of the American Association of Anatomists},
  volume={257},
  number={2},
  pages={50--53},
  year={1999},
  publisher={Wiley Online Library}
}

@book{ta2,
  title={{T}erminologia {A}natomica},
  author={{Federative International Programme for Anatomical Terminology}},
  edition={2},
  year={2019},
  publisher={FIPAT.library.dal.ca}
}

@article{smog,
  title={{S}preadsheet {M}odel {G}enerator ({SMOG}): {A} Lightweight Tool for Object-Spreadsheet Mapping.},
  author={Uciteli, Alexandr and Beger, Christoph and Kropf, Stefan and Herre, Heinrich},
  journal={Studies in health technology and informatics},
  volume={267},
  pages={110--117},
  year={2019}
}

@incollection{threeontologymethod,
  title={Developing consistent and modular software models with ontologies},
  author={Hoehndorf, Robert and Ngomo, Axel-Cyrille Ngonga and Herre, Heinrich},
  booktitle={New Trends in Software Methodologies, Tools and Techniques},
  pages={399--412},
  year={2009},
  publisher={IOS Press}
}

@article{gfo,
  title={{GFO}: {T}he {G}eneral {F}ormal {O}ntology},
  author={Loebe, Frank and Burek, Patryk and Herre, Heinrich},
  journal={Applied Ontology},
  number={Preprint},
  pages={1--36},
  year={2022},
  publisher={IOS Press}
}

@inproceedings{gfospace,
  author    = {Frank Loebe and Patryk Burek and Heinrich Herre},
  noeditor    = {Emilio M. Sanfilippo and Oliver Kutz and Nicolas Troquard and Torsten Hahmann and Claudio Masolo and Robert Hoehndorf and Randi Vita and Maria M. Hedblom and Guendalina Righetti and Dusan Sormaz and Walter Terkaj and Tiago Prince Sales and Sergio de Cesare and Frederik Gailly and Giancarlo Guizzardi and Mark Lycett and Chris Partridge and Oscar Pastor and Daniel Be{\ss}ler and Stefano Borgo and Mohammed Diab and Aldo Gangemi and Alberto Olivares Alarcos and Mihai Pomarlan and Robert Porzel and Ludger Jansen and Mathias Brochhausen and Daniele Porello and Pawel Garbacz and Selja Sepp{\"{a}}l{\"{a}} and Michael Gr{\"{u}}ninger and Amanda Vizedom and Damion M. Dooley and Robert Warren and Hande K{\"{u}}{\c{c}}{\"{u}}k{-}McGinty and Matthew Lange and Alsayed Algergawy and Naouel Karam and Friederike Klan and Franck Michel and Ilaria Rosati},
  editor    = {Emilio M. Sanfilippo and Oliver Kutz and others},
  title     = {Developing {GFO} 2.0 Further---Initiating the Modules of Space and Material Objects},
  booktitle = {Proceedings of the Joint Ontology Workshops 2021 Episode {VII:} The Bolzano Summer of Knowledge, Bolzano, Italy, September 11-18, 2021},
  series    = {{CEUR} Workshop Proceedings},
  volume    = {2969},
  publisher = {CEUR-WS.org},
  year      = {2021},
  url       = {https://ceur-ws.org/Vol-2969/paper69-FOUST.pdf},
  biburl    = {https://dblp.org/rec/conf/jowo/LoebeBH21.bib}
}

@inproceedings{gfocategory,
  author    = {Frank Loebe},
  editor    = {Ludger Jansen and Daniele Paolo Radicioni and Dagmar Gromann},
  title     = {Towards an Ontology of Categories and Relations},
  booktitle = {Proceedings of the Joint Ontology Workshops 2018 Episode {IV:} The South African Spring, Cape Town,South Africa, September 17-18, 2018},
  series    = {{CEUR} Workshop Proceedings},
  volume    = {2205},
  publisher = {CEUR-WS.org},
  year      = {2018},
  url       = {https://ceur-ws.org/Vol-2205/paper29\_ontocom3.pdf},
  biburl    = {https://dblp.org/rec/conf/jowo/Loebe18.bib}
}

@inproceedings{gfoarchitecture,
  title={Towards {GFO} 2.0: Architecture, modules and applications},
  author={Burek, Patryk and Loebe, Frank and Herre, Heinrich},
  booktitle={Formal Ontology in Information Systems},
  pages={32--45},
  year={2020},
  organization={IOS Press}
}

@article{ontologicalrepresentation,
  title={Ontological representation, classification and data-driven computing of phenotypes},
  author={Uciteli, Alexandr and Beger, Christoph and Kirsten, Toralf and Meineke, Frank A and Herre, Heinrich},
  journal={Journal of Biomedical Semantics},
  volume={11},
  number={1},
  pages={1--17},
  year={2020},
  publisher={BioMed Central}
}

@article{bioprofile,
  doi = {10.23907/2016.039},
  nourl = {https://doi.org/10.23907/2016.039},
  year = {2016},
  month = sep,
  publisher = {{SAGE} Publications},
  volume = {6},
  number = {3},
  pages = {370--390},
  author = {Dana Austin and Rebecca E. King},
  title = {The Biological Profile of Unidentified Human Remains in a Forensic Context},
  journal = {Academic Forensic Pathology}
}

@unpublished{aw3dunpublished,
  author={Heuschkel, M-L and Fritzsch, HT and Schmiedel, F and Meier, S and van der Burgt, P and Grosskopf, B and Flux, AL and Mohaupt, M and Labudde, D and Kirsten, T},
  title={{A}nthro{W}orks3{D}---{A} Digital Tool for Anthropological Analyses in Cultural Heritage Institutions and Beyond},
  note={CIDOC Conference 2020: Digital Transformation in Cultural Heritage Institutions, Geneva. Workshop, unpublished research}
}

@article{anatomicalterms,
author = {Gob{\'e}e, O. Paul and Jansma, Dani{\"e}l and DeRuiter, Marco C.},
year = {2011},
title = {AnatomicalTerms.info: Heading for an online solution to the anatomical synonym problem hurdles in data-reuse from the Terminologia Anatomica and the foundational model of anatomy and potentials for future development},
pages = {817--830},
volume = {24},
number = {7},
issn = {1098-2353},
journal = {Clinical anatomy (New York, N.Y.)},
doi = {10.1002/ca.21185},
}
