tinbook{spurensuche, # needs chapter, which is unknown
@misc{spurensuche,
author = {Heuschkel, Marie and Becker, Sven and Jeraufke, Saskia and Lucas, Christina and Mohaupt, Marleen and Labudde, Dirk and Kirsten, Toralf and Grosskopf, Birgit},
title = {Zur Spurensuche an menschlichen Skeletten},
language={German},
nochapter = {~},
pages = {127--136},
publisher = {Humboldt-Universität zu Berlin},
year = {2021},
doi = {10.18452/22415}
}

@misc{spurenlesen,
title={Spurenlesen: Methodische Ans{\"a}tze der Sammlungs-und Objektforschung},
author={Heuschkel, ML and Becker, S and Jeraufke, S and Lucas, C and Mohaupt, M and Labudde, D and Kirsten, T and Grosskopf, B},
booktitle={Junges Forum für Sammlungs-und Objektforschung 4},
language={german},
year={2020},
publisher={Gesellschaft für Universitätssammlungen e.V. Berlin}
}

@inproceedings{aw3d,
  title={AnthroWorks3D: Digitalisierung von Skelettfundst{\"u}cken und die virtuell osteologische Untersuchung},
  author={Fritzsch, Hanjo Tim and Schmiedel, Fabian and Heuschkel, Marie and Mohaupt, Marleen and Labudde, Dirk and Kirsten, Toralf and Grosskopf, Birgit and Flux, Anna Lena and Meier, Stefanie and van der Burgt, Patricia},
  booktitle={26. Interdisziplin{\"a}re Wissenschaftliche Konferenz Mittweida},
  language={german},
  number={002},
  pages={237--240},
  year={2021},
  organization={Hochschule Mittweida}
}

@article{ols,
  title={A new Ontology Lookup Service at {EMBL-EBI}},
  author={Jupp, Simon and Burdett, Tony and Leroy, Catherine and Parkinson, Helen E},
  journal={SWAT4LS},
  volume={2},
  pages={118--119},
  year={2015}
}

@misc{digitalisierung,
  title={Digitalisierung anthropologischer Skelettfundst{\"u}cke und deren Untersuchung: Methoden und Werkzeuge der Spieleentwicklung im Anwendungsfeld der forensischen und arch{\"a}ologischen Anthropologie},
  language={german},
  author={Fritzsch, Hanjo Tim and Schmiedel, Fabian},
  year={2020}
}

@book{forensicanthropology,
title={Forensic anthropology: current methods and practice},
author={Christensen, Angi M and Passalacqua, Nicholas V and Bartelink, Eric J},
year={2019},
publisher={Academic Press}
}

@book{prehistoricanthropology,
title={Pr{\"a}historische Anthropologie},
publisher={Springer Spektrum},
language={german},
author={Grupe, G and Harbeck, M and McGlynn, G},
year={2015},
pages={217-221}
}

@book{digitalphotogrammetry,
title={Digital photogrammetry},
author={Linder, Wilfried},
volume={1},
year={2009},
publisher={Springer}
}

@mastersthesis{lauraba,
  title={Manuelle und automatische {A}nnotation anatomischer und anthropologischer {L}eitstrukturen und {M}esspunkte am {B}eispiel von {M}andibulae m{\"a}nnlicher {S}oldaten der napoleonischen {A}rmee},
  language={german},
  author={Penne, Laura},
  type={Bachelor's Thesis},
  school={Hochschule Mittweida},
  noschool={Hochschule Mittweida, University of Applied Sciences},
  year={2022}
}

@inbook{fma,
author="Rosse, Cornelius and Mejino, Jos{\'e} L. V.",
editor="Burger, Albert and Davidson, Duncan and Baldock, Richard",
title="The Foundational Model of Anatomy Ontology",
booktitle="Anatomy Ontologies for Bioinformatics: Principles and Practice",
year="2008",
publisher="Springer",
address="London",
pages="59--117",
noisbn="978-1-84628-885-2",
doi="10.1007/978-1-84628-885-2\_4"
}

@article{fmaold,
  title={Pushing the envelope: challenges in a frame-based representation of human anatomy},
  author={Noy, Natalya F and Musen, Mark A and Mejino Jr, Jos{\'e} LV and Rosse, Cornelius},
  journal={Data \& Knowledge Engineering},
  volume={48},
  number={3},
  pages={335--359},
  year={2004},
  publisher={Elsevier}
}

@book{ta1998,
  title={{T}erminologia {A}natomica},
  subtitle={International Anatomical Terminology},
  author={{Federative Commitee on Anatomical Terminology}},
  isbn={9783131143617},
  year={1998},
  publisher={Thieme}
}

@article{tawiley,
  title={{T}erminologia {A}natomica: {N}ew terminology for the new anatomist},
  author={Whitmore, Ian},
  journal={The Anatomical Record: An Official Publication of the American Association of Anatomists},
  volume={257},
  number={2},
  pages={50--53},
  year={1999},
  publisher={Wiley Online Library}
}

@book{ta2,
  title={{T}erminologia {A}natomica},
  author={{Federative International Programme for Anatomical Terminology}},
  edition={2},
  year={2019},
  note={errata version 2.07 from 16 August 2021},
  url={https://fipat.library.dal.ca/ta2/},
  annoid={12},
  publisher={FIPAT.library.dal.ca}
}

@article{smog,
  title={{S}preadsheet {M}odel {G}enerator ({SMOG}): {A} Lightweight Tool for Object-Spreadsheet Mapping.},
  author={Uciteli, Alexandr and Beger, Christoph and Kropf, Stefan and Herre, Heinrich},
  journal={Studies in health technology and informatics},
  volume={267},
  pages={110--117},
  year={2019}
}

@incollection{threeontologymethod,
  title={Developing consistent and modular software models with ontologies},
  author={Hoehndorf, Robert and Ngomo, Axel-Cyrille Ngonga and Herre, Heinrich},
  booktitle={New Trends in Software Methodologies, Tools and Techniques},
  pages={399--412},
  year={2009},
  publisher={IOS Press}
}

@article{gfo,
  title={{GFO}: {T}he {G}eneral {F}ormal {O}ntology},
  author={Loebe, Frank and Burek, Patryk and Herre, Heinrich},
  journal={Applied Ontology},
  number={Preprint},
  pages={1--36},
  year={2022},
  doi={10.5281/zenodo.5205420},
  publisher={IOS Press}
}

@inproceedings{gfospace,
  author    = {Frank Loebe and Patryk Burek and Heinrich Herre},
  noeditor    = {Emilio M. Sanfilippo and Oliver Kutz and Nicolas Troquard and Torsten Hahmann and Claudio Masolo and Robert Hoehndorf and Randi Vita and Maria M. Hedblom and Guendalina Righetti and Dusan Sormaz and Walter Terkaj and Tiago Prince Sales and Sergio de Cesare and Frederik Gailly and Giancarlo Guizzardi and Mark Lycett and Chris Partridge and Oscar Pastor and Daniel Be{\ss}ler and Stefano Borgo and Mohammed Diab and Aldo Gangemi and Alberto Olivares Alarcos and Mihai Pomarlan and Robert Porzel and Ludger Jansen and Mathias Brochhausen and Daniele Porello and Pawel Garbacz and Selja Sepp{\"{a}}l{\"{a}} and Michael Gr{\"{u}}ninger and Amanda Vizedom and Damion M. Dooley and Robert Warren and Hande K{\"{u}}{\c{c}}{\"{u}}k{-}McGinty and Matthew Lange and Alsayed Algergawy and Naouel Karam and Friederike Klan and Franck Michel and Ilaria Rosati},
  editor    = {Emilio M. Sanfilippo and Oliver Kutz and others},
  title     = {Developing {GFO} 2.0 Further---Initiating the Modules of Space and Material Objects},
  booktitle = {Proceedings of the Joint Ontology Workshops 2021 Episode {VII:} The Bolzano Summer of Knowledge, Bolzano, Italy, September 11-18, 2021},
  series    = {{CEUR} Workshop Proceedings},
  volume    = {2969},
  publisher = {CEUR-WS.org},
  year      = {2021},
  url       = {https://ceur-ws.org/Vol-2969/paper69-FOUST.pdf},
  biburl    = {https://dblp.org/rec/conf/jowo/LoebeBH21.bib}
}

@inproceedings{gfocategory,
  author    = {Frank Loebe},
  editor    = {Ludger Jansen and Daniele Paolo Radicioni and Dagmar Gromann},
  title     = {Towards an Ontology of Categories and Relations},
  booktitle = {Proceedings of the Joint Ontology Workshops 2018 Episode {IV:} The South African Spring, Cape Town,South Africa, September 17-18, 2018},
  series    = {{CEUR} Workshop Proceedings},
  volume    = {2205},
  publisher = {CEUR-WS.org},
  year      = {2018},
  url       = {https://ceur-ws.org/Vol-2205/paper29\_ontocom3.pdf},
  biburl    = {https://dblp.org/rec/conf/jowo/Loebe18.bib}
}

@inproceedings{gfoarchitecture,
  title={Towards {GFO} 2.0: Architecture, modules and applications},
  author={Burek, Patryk and Loebe, Frank and Herre, Heinrich},
  booktitle={Formal Ontology in Information Systems},
  pages={32--45},
  year={2020},
  organization={IOS Press}
}

@article{ontologicalrepresentation,
  title={Ontological representation, classification and data-driven computing of phenotypes},
  author={Uciteli, Alexandr and Beger, Christoph and Kirsten, Toralf and Meineke, Frank A and Herre, Heinrich},
  journal={Journal of Biomedical Semantics},
  volume={11},
  number={1},
  pages={1--17},
  year={2020},
  publisher={BioMed Central}
}

@article{bioprofile,
  doi = {10.23907/2016.039},
  nourl = {https://doi.org/10.23907/2016.039},
  year = {2016},
  month = sep,
  publisher = {{SAGE} Publications},
  volume = {6},
  number = {3},
  pages = {370--390},
  author = {Dana Austin and Rebecca E. King},
  title = {The Biological Profile of Unidentified Human Remains in a Forensic Context},
  journal = {Academic Forensic Pathology}
}

@misc{aw3dcidoc,
  author={Heuschkel, M-L and Fritzsch, HT and Schmiedel, F and Meier, S and van der Burgt, P and Grosskopf, B and Flux, AL and Mohaupt, M and Labudde, D and Kirsten, T},
  title={{A}nthro{W}orks3{D}---{A} Digital Tool for Anthropological Analyses in Cultural Heritage Institutions and Beyond},
  url={https://www.youtube.com/watch?v=yeGwR80UpUI},
  note={CIDOC Conference 2020: Digital Transformation in Cultural Heritage Institutions, Geneva. Workshop}
}

@article{anatomicalterms,
author = {Gob{\'e}e, O. Paul and Jansma, Dani{\"e}l and DeRuiter, Marco C.},
year = {2011},
title = {AnatomicalTerms.info: Heading for an online solution to the anatomical synonym problem hurdles in data-reuse from the Terminologia Anatomica and the foundational model of anatomy and potentials for future development},
pages = {817--830},
volume = {24},
number = {7},
issn = {1098-2353},
journal = {Clinical anatomy (New York, N.Y.)},
doi = {10.1002/ca.21185},
}

@article{uberon,
author = {Mungall, Christopher J. and Torniai, Carlo and Gkoutos, Georgios V. and Lewis, Suzanna E. and Haendel, Melissa A.},
year = {2012},
title = {Uberon, an integrative multi-species anatomy ontology},
keywords = {TA},
pages = {R5},
volume = {13},
number = {1},
issn = {1474-760X},
journal = {Genome Biology},
doi = {10.1186/gb-2012-13-1-r5},
}

@article{topo,
title={A brief history of topographical anatomy},
author={Standring, Susan},
journal={Journal of anatomy},
volume={229},
number={1},
pages={32--62},
year={2016},
publisher={Wiley Online Library}
}

@inproceedings{ontologicaltreatment,
  title = {Toward an ontological treatment of disease and diagnosis},
  author = {Scheuermann, Richard H and Ceusters, Werner and Smith, Barry},
  month = {03},
  pages = {116-20},
  url = {https://philarchive.org/archive/SCHTAO-29},
  booktitle={Proceedings of the 2009 AMIA Summit on Translational Bioinformatics},
  pmid = {21347182},
  year = {2009}
}

@article{phenomes,
  title={What exactly are genomes, genotypes and phenotypes? And what about phenomes?},
  author={Mahner, Martin and Kary, Michael},
  journal={Journal of theoretical biology},
  volume={186},
  number={1},
  pages={55--63},
  doi={10.1006/jtbi.1996.0335},
  issn={0022-5193},
  year={1997},
  publisher={Elsevier}
}

@article{interoperability,
  title={Interoperability between phenotype and anatomy ontologies},
  author={Hoehndorf, Robert and Oellrich, Anika and Rebholz-Schuhmann, Dietrich},
  journal={Bioinformatics},
  volume={26},
  number={24},
  pages={3112--3118},
  year={2010},
  publisher={Oxford University Press}
}

@article{rickview,
  title={RickView: Lightweight Standalone Knowledge Graph Browsing Powered by Rust.},
  journal={arXiv e-prints},
  archivePrefix="arXiv",
  eprint={YYYY.MMNNNNN},
  author={Konrad Höffner},
  year={2023},
}

@article{frequencyta,
author = {Martin, Bradford D. and Thorpe, Donna and DeLuna, Vanessa and Howard, Trish and Hagemeyer, Josh and Wilkins, Nicholas},
year = {2014},
title = {Frequency in Usage of Terminologia Anatomica Terms by Clinical Anatomists},
keywords = {Klinische Anatomie;Nutzung},
pages = {1--9},
volume = {2014},
number = {2},
issn = {2314-5021},
journal = {Journal of Biomedical Education},
doi = {10.1155/2014/950898},
}

@article{doestamatter,
author = {Hirsch, Bruce Elliot},
year = {2011},
title = {Does the Terminologia Anatomica really matter?},
pages = {503--504},
volume = {24},
number = {4},
issn = {1098-2353},
journal = {Clinical anatomy (New York, N.Y.)},
nodoi = {10.1002/ca.21140},
}

@article{athighlights,
author = {Kachlik, David and Baca, Vaclav and Bozdechova, Ivana and Cech, Pavel and Musil, Vladimir},
year = {2008},
title = {Anatomical terminology and nomenclature: past, present and highlights},
pages = {459--466},
volume = {30},
number = {6},
issn = {1279-8517},
journal = {Surgical and radiologic anatomy: SRA},
doi = {10.1007/s00276-008-0357-y},
}

@article{atthennow,
author = {O'Rahilly, R.},
year = {1989},
title = {Anatomical Terminology, Then and Now},
pages = {291--300},
volume = {134},
number = {4},
issn = {1422-6405},
journal = {Cells Tissues Organs},
doi = {10.1159/000146705},
}

@article{atinfo,
title={AnatomicalTerms.info: Heading for an online solution to the anatomical synonym problem hurdles in data-reuse from the Terminologia Anatomica and the foundational model of anatomy and potentials for future development},
author={Gob{\'e}e, O Paul and Jansma, Dani{\"e}l and DeRuiter, Marco C},
journal={Clinical Anatomy},
volume={24},
number={7},
pages={817--830},
year={2011},
publisher={Wiley Online Library}
}

@article{atcompare,
author = {Ocak, Mert and Akta{\c{s}}, Hilal Akdemir and Uzuner, Muhammet Bora and Geneci, Ferhat and A{\c{s}}kit, {\c{C}}a{\u{g}}atay and Sargon, Mustafa F.},
year = {2017},
title = {A comparison of the anatomical terminology in the last 25 years},
pages = {S31-S33},
volume = {66},
issn = {00032778},
journal = {Journal of the Anatomical Society of India},
doi = {10.1016/j.jasi.2017.09.002},
}

@article{anatomycontribution,
title={Contribution to the anatomical nomenclature concerning general anatomy and anatomical variations},
author={Kachlik, David and Musil, Vladimir and Baca, Vaclav},
journal={Surgical and Radiologic Anatomy},
volume={38},
pages={757--765},
year={2016},
publisher={Springer}
}

@book{anatomylexicon2007,
  author = {Dauber, Wolfgang and Feneis, Heinz},
  year = {2007},
  title = {Feneis' Bild-Lexikon der Anatomie},
  edition = {5},
  publisher = {Thieme},
  series = {Thieme Flexibooks}
}

@book{anatomylexicon,
  author = {Dauber, Wolfgang and Feneis, Heinz},
  year = {2019},
  title = {Feneis' Bild-Lexikon der Anatomie},
  edition = {11},
  publisher = {Thieme},
}

@article{reforminganatomical,
  title={The Science and Politics of Naming: {R}eforming Anatomical Nomenclature, ca. 1886--1955},
  author={Buklijas, Tatjana},
  journal={Journal of the History of Medicine and Allied Sciences},
  volume={72},
  number={2},
  pages={193--218},
  year={2017},
  publisher={Oxford University Press}
}

@article{naminggame,
title={The naming game: {A} discrepancy among the medical community},
author={Loukas, Marios and Aly, Islam and Tubbs, R Shane and Anderson, Robert H},
journal={Clinical Anatomy},
volume={29},
number={3},
pages={285--289},
year={2016},
publisher={Wiley Online Library}
}

@article{ta17,
title={Terminologia {A}natomica after 17 years: {I}nconsistencies, mistakes and new proposals},
author={Kachlik, David and Musil, Vladimir and Baca, Vaclav},
journal={Annals of Anatomy-Anatomischer Anzeiger},
volume={201},
pages={8--16},
year={2015},
publisher={Elsevier}
}

@article{diphthongs,
title={One vowel or two? {D}iphthongs, digraphs, ligatures, and diaereses, oh my!},
author={Neumann, Paul E},
journal={Clinical Anatomy},
volume={30},
number={8},
pages={1013--1016},
year={2017},
publisher={Wiley Online Library}
}

@book{anatomie,
  title={Anatomie},
  author={Zilles, Karl and Tillmann, Bernhard},
  year={2010},
  publisher={Springer}
}

@book{pocketatlas,
  title={Pocket atlas of human anatomy},
  subtitle={Founded by Heinz Feneis},
  author={Feneis, Heinz},
  year={2007},
  annoid={10},
  publisher={Thieme}
}

@proceedings{datacollection,
title={Standards for data collection from human skeletal remains: {P}roceedings of a Seminar at the Field Museum of Natural History},
author={D. Aftandilian and J. E. Buikstra and M. Finnegan and J. Haas and D. A. Kice and C. R. Nichol and D. W. Owsley and J. C. Rose and M. J. Schoeninger and G. R. Scott and C. G. Turner II and D. H. Ubelaker and P. L. Walker and E. Wei},
editor={Buikstra, Jane E and Ubelaker, Douglas H},
venue={Fayetteville},
series={Arkansas Archaeological Survey},
volume={44},
year={1994}
}

@book{allgemeineanatomie,
  title={Sobotta Allgemeine Anatomie und Bewegungsapparat},
  author={Paulsen, F and Waschke, J},
  year={2017},
  annoid={31},
  publisher={Elsevier GmbH, Urban \& Fischer},
  address={M{\"u}nchen}
}

@book{allgemeineanatomieen,
 author = {Paulsen, Friedrich and Waschke, Jens and Klonisch, Thomas and Hombach-Klonisch, S.},
 year = {2011},
 title = {Sobotta: Atlas of human anatomy: General Anatomy and Muscoskeletal System},
 address = {M{"u}nchen},
 edition = {15},
 volume = {1},
 publisher = {{Elsevier/Urban \& Fischer}},
 isbn = {978-0-7234-3639-3},
 series = {Sobotta}
}

@book{schemamann,
 author = {White, Timothy D. and Black, Michael T. and Folkens, Pieter A.},
 year = {2012},
 title = {Human osteology},
 address = {Amsterdam and Boston and Heidelberg},
 edition = {3},
 publisher = {{Elsevier Academic Press}},
 isbn = {978-0-12-374134-9},
}

@book{dualereiheanatomie,
  author = {Aumüller, G. and Aust, G. and Conrad, A. and Engele, J. and Kirsch, J. and Maio, G.},
  year = {2020},
  title = {Duale Reihe Anatomie},
  edition = {5},
  annoid = {24},
  publisher = {Thieme},
  series = {Duale Reihe},
}

@book{anatomiedesmenschen,
  author = {Anton Rauber and Friedrich Kopsch},
  editor = {Leonhardt, H. and Tillmann, B. N. and Töndury, G. and Zilles, K.},
  year = {1987},
  title = {Anatomie des Menschen. Lehrbuch und Atlas},
  annoid = {54},
  publisher = {Thieme},
}

@incollection{wesenanthropologie,
abstract = {Literaturangaben.},
author = {Barlett, Harold L.},
notitle = {Wesen und Methoden der Anthropologie 1 Wissenschaftstheorie, Geschichte, morphologische Methoden / mit Beitr. von H. L. Barlett},
title = {Wesen und Methoden der Anthropologie},
booktitle = {Wissenschaftstheorie, Geschichte, morphologische Methoden},
number = {1},
publisher = {Fischer},
editor = {Knu{\ss}mann, Rainer},
nobooktitle = {Anthropologie Handbuch d. vergleichenden Biologie d. Menschen; zugl. 4. Aufl. d. Lehrbuchs d. Anthropologie, begr. von Rudolf Martin},
year = {1988},
address = {Stuttgart},
}

%check if its correct
@book{graysanatomy,
  title={Gray's anatomy: {T}he anatomical basis of clinical practice},
  editor={Standring, Susan and Anand, N},
  publisher={Elsevier Health Sciences},
  edition={41},
  year={2016}
}

@book{drake2019gray,
  title={Gray's anatomy for students},
  author={Drake, Richard L and Vogl, A Wayne and Mitchell, Adam WM},
  edition={4},
  year={2019},
  publisher={Elsevier Health Sciences}
}

@book{dentalanthropology,
author = {Alt, Kurt W. and {R{\"o}sing, Friedrich W., Teschler-Nicola, Maria}},
year = {1998},
title = {Dental anthropology: Fundamentals, limits and prospects},
address = {Wien},
publisher = {Springer},
isbn = {978-3-7091-7498-2}
}

@book{taspanish,
  title={Feneis. Nomenclatura Anat{\'o}mica Ilustrada},
  author={Dauber, W.},
  isbn={9788413820033},
  nourl={https://books.google.de/books?id=o1slEAAAQBAJ},
  year={2021},
  publisher={Elsevier}
}

@book{prometheus,
  title={Prometheus LernAtlas-Allgemeine Anatomie und Bewegungssystem},
  author={Sch{\"u}nke, Michael and Schulte, Erik and Schumacher, Udo},
  year={2018},
  edition={5},
  annoid={17},
  volume={1},
  publisher={Thieme}
}

@book{prometheus2,
  title={Prometheus: LernAtlas der Anatomie: Kopf, Hals und Neuroanatomie},
  author={Sch{\"u}nke, Michael and Schulte, Erik and Schumacher, Udo},
  volume={3},
  year={2009},
  publisher={Georg Thieme Verlag}
}

@misc{waldeyer,
  title={Waldeyer--Anatomie des Menschen: Lehrbuch und Atlas in einem Band},
  author={Anderhuber, Friedrich and Pera, Franz and Streicher, Johannes},
  year={2012}
}

@article{datacollection2,
  title={Data collection procedures for forensic skeletal material 2.0},
  author={Langley, Natalie R and Jantz, L Meadows and Ousley, Stephen D and Jantz, Richard L and Milner, George},
  journal={University of Tennessee and Lincoln Memorial University},
  year={2016}
}

@article{romanianmandible,
  title={Sex determination in Romanian mandible using discriminant function analysis: Comparative results of a time-efficient method},
  author={Marinescu, Mihai and Panaitescu, Viorel and Rosu, Mariana},
  journal={Rom J Leg Med},
  volume={21},
  number={4},
  pages={305--8},
  year={2013}
}

@article{sexgileselliot1963,
  title={Sex determination by discriminant function analysis of crania},
  author={Giles, Eugene and Elliot, Orville},
  journal={American journal of physical anthropology},
  volume={21},
  number={1},
  pages={53--68},
  year={1963},
  publisher={Wiley Online Library}
}

@article{xd2016,
  title={Engineering Ontologies with Patterns-The eXtreme Design Methodology.},
  author={Blomqvist, Eva and Hammar, Karl and Presutti, Valentina},
  journal={Ontology Engineering with Ontology Design Patterns},
  volume={25},
  pages={23--50},
  year={2016},
  doi={10.3233/978-1-61499-676-7-23}
}

@incollection{herre2010,
  title={General Formal Ontology (GFO): A foundational ontology for conceptual modelling},
  author={Herre, Heinrich},
  booktitle={Theory and applications of ontology: computer applications},
  pages={297--345},
  year={2010},
  publisher={Springer},
  doi={10.1007/978-90-481-8847-5\_14}
}

@article{baumann2014,
  title={Axiomatic theories of the ontology of time in {GFO}},
  author={Baumann, Ringo and Loebe, Frank and Herre, Heinrich},
  journal={Applied Ontology},
  volume={9},
  number={3-4},
  pages={171--215},
  year={2014},
  publisher={IOS Press},
  doi={10.3233/AO-140136}
}

@article{baumann2011,
  title={The axiomatic foundation of space in {GFO}},
  author={Baumann, Ringo and Herre, Heinrich},
  journal={arXiv preprint arXiv:1110.5832},
  year={2011}
}

@inproceedings{baumann2016,
  title={Towards an Ontology of Space for {GFO}},
  author={Baumann, Ringo and Loebe, Frank and Herre, Heinrich},
  booktitle={FOIS},
  pages={53--66},
  year={2016},
  doi={10.3233/978-1-61499-660-6-53}
}

@incollection{hilbert1918,
  title={Axiomatisches {D}enken},
  author={Hilbert, David},
  booktitle={Axiomatic Thinking I},
  pages={1--19},
  year={2022},
  publisher={Springer}
}

@inproceedings{odp2005,
  title={Ontology design patterns for semantic web content},
  author={Gangemi, Aldo},
  booktitle={International semantic web conference},
  pages={262--276},
  year={2005},
  organization={Springer}
}

@inproceedings{burek2020,
  title={Towards {GFO} 2.0: {A}rchitecture, modules and applications},
  author={Burek, Patryk and Loebe, Frank and Herre, Heinrich},
  booktitle={Formal Ontology in Information Systems},
  pages={32--45},
  year={2020},
  organization={IOS Press},
  doi={10.3233/FAIA200658}
}

@inproceedings{loebe2021,
  title={Developing {GFO} 2.0 further--{I}nitiating the modules of space and material objects},
  author={Loebe, Frank and Burek, Patryk and Herre, Heinrich},
  booktitle={Proceedings of the Joint Ontology Workshops 2021 Episode VII: The Bolzano Summer of Knowledge},
  organization={CEUR Workshop Proceedings},
  volume={1613},
  pages={0073},
  year={2021}
}

@inproceedings{loebe2018,
  title={Towards an Ontology of Categories and Relations},
  author={Loebe, Frank},
  booktitle={Proceedings of the Joint Ontology Workshops Episode IV: The South African Spring, JOWO 2018},
  organization={CEUR Workshop Proceedings},
  volume={2205},
  year={2018}
}

@article{momo2023,
  title={Modular ontology modeling},
  author={Shimizu, Cogan and Hammar, Karl and Hitzler, Pascal},
  journal={Semantic Web},
  volume={14},
  number={3},
  pages={459--489},
  year={2023},
  publisher={IOS Press},
  doi={10.3233/SW-222886}
}

@article{loebe2022,
  title={{GFO}: {T}he {G}eneral {F}ormal {O}ntology},
  author={Loebe, Frank and Burek, Patryk and Herre, Heinrich},
  journal={Applied Ontology},
  volume={17},
  number={1},
  pages={71--106},
  year={2022},
  publisher={IOS Press},
  doi={10.3233/AO-220264}
}

@article{evaluatingdomain,
author = {McDaniel, Melinda and Storey, Veda C.},
title = {Evaluating Domain Ontologies: Clarification, Classification, and Challenges},
year = {2019},
publisher = {Association for Computing Machinery},
address = {New York, NY, USA},
volume = {52},
number = {4},
issn = {0360-0300},
url = {https://doi.org/10.1145/3329124},
doi = {10.1145/3329124},
journal = {ACM Comput. Surv.},
month = {sep},
articleno = {70},
numpages = {44},
}

@article{biomedicalontologies,
  title={Biomedical ontologies—A review},
  author={Konopka, Bogumil M},
  journal={Biocybernetics and Biomedical Engineering},
  volume={35},
  number={2},
  pages={75--86},
  year={2015},
  publisher={Elsevier}
}

@article{whatareontologies,
  author={Chandrasekaran, B. and Josephson, J.R. and Benjamins, V.R.},
  journal={IEEE Intelligent Systems and their Applications}, 
  title={What are ontologies, and why do we need them?}, 
  year={1999},
  volume={14},
  number={1},
  pages={20-26},
  doi={10.1109/5254.747902}
}
